@inproceedings{GHOW10,
  author =        {G{\"o}ller, Stefan and Haase, Christoph and
                   Ouaknine, Jo{\"e}l and Worrell, James},
  title =         {Model Checking Succinct and Parametric One-Counter
                   Automata},
  booktitle =     {{P}roceedings of the 37th {I}nternational
                   {C}olloquium on {A}utomata, {L}anguages and
                   {P}rogramming ({ICALP}'10)~-- Part~{II}},
  editor =        {Abramsky, Samson and Gavoille, Cyril and
                   Kirchner, Claude and Meyer auf der Heide, Friedhelm and
                   Spirakis, Paul G.},
  publisher =     {Springer-Verlag},
  series =        {Lecture Notes in Computer Science},
  volume =        {6199},
  pages =         {575-586},
  year =          {2010},
  month =         jul,
  sort-month =    {070},
  acronym =       {{ICALP}'10},
}

@inproceedings{Hun15,
  author =        {Hunter, Paul},
  title =         {Reachability in Succinct One-Counter Games},
  booktitle =     {{P}roceedings of the 9th {W}orkshop on {R}eachability
                   {P}roblems in {C}omputational {M}odels ({RP}'15)},
  editor =        {Boja{\'n}czyk, Miko{\l}aj and Lasota, S{\l}awomir and
                   Potapov, Igor},
  publisher =     {Springer-Verlag},
  series =        {Lecture Notes in Computer Science},
  volume =        {9328},
  pages =         {37-49},
  year =          {2015},
  month =         sep,
  sort-month =    {090},
  DOI =           {10.1007/978-3-319-24537-9 5},
  acronym =       {{RP}'15},
}

@techreport{Chatterjee06,
  author =              {Chatterjee, Krishnendu and Henzinger, Thomas A. and
                         Piterman, Nir},
  title =               {Algorithms for {B}{\"u}chi games},
  number =              {0805.2620},
  year =                {2008},
  month =               may,
  institution =         {Computing Research Repository},
  type =                {Research Report},
}


@inproceedings{FearnleyJ13,
  author =              {Fearnley, John and Jurdzi{\'n}ski, Marcin},
  title =               {Reachability in two-clock timed automata is
                         {PSPACE}-complete},
  editor =              {Fomin, Fedor V. and Freivalds, Rusins and
                         Kwiatkowska, Marta and Peleg, David},
  booktitle =           {{P}roceedings of the 40th {I}nternational
                         {C}olloquium on {A}utomata, {L}anguages and
                         {P}rogramming ({ICALP}'13)~-- Part~{II}},
  acronym =             {{ICALP}'13},
  publisher =           {Springer-Verlag},
  series =              {Lecture Notes in Computer Science},
  volume =              {7966},
  pages =               {212-223},
  year =                {2013},
  month =               jul,
  doi =                 {10.1007/978-3-642-39212-2_21},
}


@article{ChatterjeeRR14,
  author =              {Chatterjee, Krishnendu and Randour, Mickael and
                         Raskin, Jean-Fran{\c c}ois},
  title =               {Strategy Synthesis for Multi-dimensional
                         Quantitative Objectives},
  publisher =           {Springer-Verlag},
  journal =             {Acta Informatica},
  volume =              {51},
  number =              {3-4},
  pages =               {129-163},
  year =                {2014},
  month =               jun,
  doi =                 {10.1007/s00236-013-0182-6},
}


@inproceedings{BouyerMRLL18,
  author =              {Bouyer, Patricia and Markey, Nicolas and Randour,
                         Mickael and Larsen, Kim Guldstrand and Laursen,
                         Simon},
  title =               {Average-energy games},
  editor =              {Esparza, Javier and Tronci, Enrico},
  booktitle =           {{P}roceedings of the 6th {I}nternational {S}ymposium
                         on {G}ames, {A}utomata, {L}ogics and {F}ormal
                         {V}erification ({GandALF}'15)},
  acronym =             {{GandALF}'15},
  series =              {Electronic Proceedings in Theoretical Computer
                         Science},
  volume =              {193},
  pages =               {1-15},
  year =                {2015},
  month =               sep,
  doi =                 {10.4204/EPTCS.193.1},
}

@article{ZwickP95,
  author =              {Zwick, Uri and Paterson, Mike},
  title =               {The Complexity of Mean Payoff Games on Graphs},
  publisher =           {Elsevier},
  journal =             {Theoretical Computer Science},
  volume =              {158},
  number =              {1-2},
  pages =               {343-359},
  year =                {1996},
  month =               may,
}

@inproceedings{FahrenbergJLS11,
  author =              {Fahrenberg, Uli and Juhl, Line and Larsen, Kim
                         Guldstrand and Srba, Ji{\v r}{\'\i}},
  title =               {Energy Games in Multiweighted Automata},
  editor =              {Cerone, Antonio and Pihlajasaari, Pekka},
  booktitle =           {{P}roceedings of the 8th {I}nternational
                         {C}olloquium on {T}heoretical {A}spects of
                         {C}omputing ({ICTAC}'11)},
  acronym =             {{ICTAC}'11},
  publisher =           {Springer-Verlag},
  series =              {Lecture Notes in Computer Science},
  volume =              {6916},
  pages =               {95-115},
  year =                {2011},
  month =               aug,
}  


@inproceedings{CdAHS03,
  author =              {Chakrabarti, Arindam and de Alfaro, Luca and
                         Henzinger, Thomas A. and Stoelinga, Mari{\"e}lle},
  title =               {Resource Interfaces},
  editor =              {Alur, Rajeev and Lee, Insup},
  booktitle =           {{P}roceedings of the 3rd {I}nternational
                         {C}onference on {E}mbedded {S}oftware ({EMSOFT}'03)},
  acronym =             {{EMSOFT}'03},
  publisher =           {Springer-Verlag},
  series =              {Lecture Notes in Computer Science},
  volume =              {2855},
  pages =               {117-133},
  year =                {2003},
  month =               oct,
}


@inproceedings{BouyerFLMS08,
  author =              {Bouyer, Patricia and Fahrenberg, Uli and Larsen, Kim
                         Guldstrand and Markey, Nicolas and Srba, Ji{\v
			 r}{\'\i}},
  title =               {Infinite Runs in Weighted Timed Automata with Energy
                         Constraints},
  editor =              {Cassez, Franck and Jard, Claude},
  booktitle =           {{P}roceedings of the 6th {I}nternational
                         {C}onferences on {F}ormal {M}odelling and {A}nalysis
                         of {T}imed {S}ystems ({FORMATS}'08)},
  acronym =             {{FORMATS}'08},
  publisher =           {Springer-Verlag},
  series =              {Lecture Notes in Computer Science},
  volume =              {5215},
  pages =               {33-47},
  year =                {2008},
  month =               sep,
  doi =                 {10.1007/978-3-540-85778-5_4},
}


@inproceedings{JurdzinskiLS07,
  author =              {Jurdzi{\'n}ski, Marcin and Laroussinie, Fran{\c
                         c}ois and Sproston, Jeremy},
  title =               {Model Checking Probabilistic Timed Automata with One
                         or Two Clocks},
  editor =              {Grumberg, Orna and Huth, Michael},
  booktitle =           {{P}roceedings of the 13th {I}nternational
                         {C}onference on {T}ools and {A}lgorithms for
                         {C}onstruction and {A}nalysis of {S}ystems
                         ({TACAS}'07)},
  acronym =             {{TACAS}'07},
  publisher =           {Springer-Verlag},
  series =              {Lecture Notes in Computer Science},
  volume =              {4424},
  pages =               {170-184},
  year =                {2007},
  month =               mar,
}

@book{Gradel01,
  title =               {Automata Logics, and Infinite Games~-- A~Guide to
                         Current Research},
  editor =              {Gr{\"a}del, Erich and Thomas, Wolfgang and Wilke,
                         Thomas},
  publisher =           {Springer-Verlag},
  series =              {Lecture Notes in Computer Science},
  volume =              {2500},
  year =                {2002},
  doi =                 {10.1007/3-540-36387-4},
}


@article{Dijkstra59,
  author =              {Dijkstra, Edsger W.},
  title =               {A~note on two problems in connexion with graphs},
  publisher =           {Springer-Verlag},
  journal =             {Numerische Mathematik},
  volume =              {1},
  pages =               {269â€“271},
  year =                {1959},
  doi =                 {10.1007/BF01386390},
}

  
@inproceedings{ChatterjeeDHR10,
  author =              {Chatterjee, Krishnendu and Doyen, Laurent and
                         Henzinger, Thomas A. and Raskin, Jean-Fran{\c c}ois},
  title =               {Generalized Mean-payoff and Energy Games},
  editor =              {Lodaya, Kamal and Mahajan, Meena},
  booktitle =           {{P}roceedings of the 30th {C}onference on
                         {F}oundations of {S}oftware {T}echnology and
                         {T}heoretical {C}omputer {S}cience ({FSTTCS}'10)},
  acronym =             {{FSTTCS}'10},
  publisher =           {Leibniz-Zentrum f{\"u}r Informatik},
  series =              {Leibniz International Proceedings in Informatics},
  volume =              {8},
  pages =               {505-516},
  year =                {2010},
  month =               dec,
}
  

@inproceedings{Chatterjee0H17,
  author =              {Chatterjee, Krishnendu and Doyen, Laurent and
                         Henzinger, Thomas A.},
  title =               {The Cost of Exactness in Quantitative Reachability},
  editor =              {Aceto, Luca and Bacci, Giorgio and Bacci, Giovanni
                         and Ing{\'o}lfsd{\'o}ttir, Anna and Legay, Axel and
                         Mardare, Radu},
  booktitle =           {Models, Algorithms, Logics and Tools: Essays
                         Dedicated to Kim Guldstrand Larsen on the Occasion
                         of His 60th Birthday},
  publisher =           {Springer-Verlag},
  series =              {Lecture Notes in Computer Science},
  volume =              {10460},
  pages =               {367-381},
  year =                {2017},
  month =               aug,
  doi =                 {10.1007/978-3-319-63121-9_18},
}


@inproceedings{Andersson06,
  author =              {Andersson, Daniel},
  title =               {An improved algorithm for discounted payoff games},
  editor =              {Huitink, Janneke and Katrenko, Sophia},
  booktitle =           {{P}roceedings of the 11th {ESSLLI} {S}tudent
                         {S}ession},
  pages =               {91-98},
  year =                {2006},
  month =               aug,
}


@article{ChatterjeeD12,
  author =              {Chatterjee, Krishnendu and Doyen, Laurent},
  title =               {Energy Parity Games},
  publisher =           {Elsevier},
  journal =             {Theoretical Computer Science},
  volume =              {458},
  pages =               {49-60},
  year =                {2012},
  month =               nov,
  doi =                 {10.1016/j.tcs.2012.07.038},
}

@inproceedings{JLR13,
  author =              {Juhl, Line and Larsen, Kim Guldstrand and Raskin,
                         Jean-Fran{\c c}ois},
  title =               {Optimal Bounds for Multiweighted and Parametrised
                         Energy Games},
  editor =              {Liu, Zhiming and Woodcock, Jim and Zhu, Yunshan},
  booktitle =           {Theories of Programming and Formal Methods~-- Essays
                         Dedicated to Jifeng He on the Occasion of His 70th
                         Birthday},
  publisher =           {Springer-Verlag},
  series =              {Lecture Notes in Computer Science},
  volume =              {8051},
  pages =               {244-255},
  year =                {2013}
 
}


@mastersthesis{EjsingDuun2013InfiniteRI,
  author =              {Ejsing{-}Dunn, Daniel and Fontani, Lisa},
  title =               {Infinite Runs in Recharge Automata},
  year =                {2013},
  month =               jun,
  school =              {Computer Science Department, Aalborg University,
                         Denmark},
}


@inproceedings{HelouetMM18,
  author =              {H{\'e}lou{\"e}t, Lo{\"\i}c and Marchand, Herv{\'e}
                         and Mullins, John},
  title =               {Concurrent secrets with quantified suspicion},
  editor =              {Chatain, {\relax Th}omas and Grosu, Radu and
                         Juh{\'a}s, Gabriel},
  booktitle =           {{P}roceedings of the 18th {I}nternational
                         {C}onference on {A}pplication of {C}oncurrency to
                         {S}ystem {D}esign ({ACSD}'18)},
  acronym =             {{ACSD}'18},
  publisher =           {IEEE Comp. Soc. Press},
  year =                {2018},
  month =               jun,
}


@article{Reichert16,
  author =              {Reichert, Julien},
  title =               {On The Complexity of Counter Reachability Games},
  publisher =           {IOS Press},
  journal =             {Fundamenta Informaticae},
  volume =              {143},
  number =              {3-4},
  pages =               {415-436},
  year =                {2016},
  doi =                 {10.3233/FI-2016-1320},
}


@inproceedings{HunterR14,
  author =              {Hunter, Paul and Raskin, Jean-Fran{\c c}ois},
  title =               {Quantitative games with interval objectives},
  editor =              {Raman, Venkatesh and Suresh, S. P.},
  booktitle =           {{P}roceedings of the 34th {C}onference on
                         {F}oundations of {S}oftware {T}echnology and
                         {T}heoretical {C}omputer {S}cience ({FSTTCS}'14)},
  acronym =             {{FSTTCS}'14},
  publisher =           {Leibniz-Zentrum f{\"u}r Informatik},
  series =              {Leibniz International Proceedings in Informatics},
  volume =              {29},
  pages =               {365-377},
  year =                {2014},
  month =               dec,
}


@inproceedings{JurdzinskiLS15,
  author =              {Jurdzi{\'n}ski, Marcin and Lazi{\'c}, Ranko and
                         Schmitz, Sylvain},
  title =               {Fixed-Dimensional Energy Games are in
                         Pseudo-Polynomial Time},
  editor =              {Halld{\'o}rsson, Magn{\'u}s M. and Iwana, Kazuo and
                         Kobayashi, Naoki and Speckmann, Bettina},
  booktitle =           {{P}roceedings of the 42nd {I}nternational
                         {C}olloquium on {A}utomata, {L}anguages and
                         {P}rogramming ({ICALP}'15)~-- Part~{II}},
  acronym =             {{ICALP}'15},
  publisher =           {Springer-Verlag},
  series =              {Lecture Notes in Computer Science},
  volume =              {9135},
  pages =               {260-272},
  year =                {2015},
  month =               jul,
  doi =                 {10.1007/978-3-662-47666-6_21},
}


@article{Mar75,
  author =              {Martin, Donald A.},
  title =               {{B}orel Determinacy},
  publisher =           {Princeton University},
  journal =             {Annals of Mathematics},
  volume =              {102},
  number =              {2},
  pages =               {363-371},
  year =                {1975},
  month =               sep,
}


@article{EM79,
  author =              {Ehrenfeucht, Andrzej and Mycielski, Jan},
  title =               {Positional strategies for mean payoff games},
  publisher =           {Physica-Verlag},
  journal =             {International Journal of Game Theory},
  volume =              {8},
  number =              {2},
  pages =               {109-113},
  year =                {1979},
  month =               jun,
  doi =                 {10.1007/BF01768705},
}

@inproceedings{BFLM10,
  author =              {Bouyer, Patricia and Fahrenberg, Uli and Larsen, Kim
                         Guldstrand and Markey, Nicolas},
  title =               {Timed Automata with Observers under Energy
                         Constraints},
  editor =              {Johansson, Karl Henrik and Yi, Wang},
  booktitle =           {{P}roceedings of the 13th {I}nternational {W}orkshop
                         on {H}ybrid {S}ystems: {C}omputation and {C}ontrol
                         ({HSCC}'10)},
  acronym =             {{HSCC}'10},
  publisher =           {ACM Press},
  pages =               {61-70},
  year =                {2010},
  month =               apr,
  doi =                 {10.1145/1755952.1755963},
}

@inproceedings{CJLRR09,
  author =              {Cassez, Franck and Jensen, Jan J. and Larsen, Kim
                         Guldstrand and Raskin, Jean-Fran{\c c}ois and
                         Reynier, Pierre-Alain},
  title =               {Automatic Synthesis of Robust and Optimal
                         Controllers~-- An~Industrial Case Study},
  editor =              {Majumdar, Rupak and Tabuada, Paulo},
  booktitle =           {{P}roceedings of the 12th {I}nternational {W}orkshop
                         on {H}ybrid {S}ystems: {C}omputation and {C}ontrol
                         ({HSCC}'09)},
  acronym =             {{HSCC}'09},
  publisher =           {Springer-Verlag},
  series =              {Lecture Notes in Computer Science},
  volume =              {5469},
  pages =               {90-104},
  year =                {2009},
  month =               apr,
}


@inproceedings{BHMRZ17,
  author    = {Patricia Bouyer and
               Piotr Hofman and
               Nicolas Markey and
               Mickael Randour and
               Martin Zimmermann},
  title     = {Bounding Average-Energy Games},
  booktitle = {Proc. of {FOSSACS}'17},
  pages     = {179--195},
  year      = {2017},
  series    = {Lecture Notes in Computer Science},
  volume    = {10203}
}

@inproceedings{BMRLL15,
  author    = {Patricia Bouyer and
               Nicolas Markey and
               Mickael Randour and
               Kim Guldstrand Larsen and
               Simon Laursen},
  title     = {Average-energy games},
  booktitle = {Proc. of {GANDALF}'15.},
  pages     = {1--15},
  series    = {{EPTCS}},
  volume    = {193},
  year      = {2015}
  }


@article{VCDHRR15,
  author =              {Velner, Yaron and Chatterjee, Krishnendu and Doyen,
                         Laurent and Henzinger, Thomas A. and Rabinovich,
                         Alexander and Raskin, Jean-Fran{\c c}ois},
  title =               {The complexity of multi-mean-payoff and multi-energy
                         games},
  publisher =           {Elsevier},
  journal =             {Information and Computation},
  volume =              {241},
  pages =               {177-196},
  year =                {2015}
 }
 
 
 @inproceedings{JLS15,
  author =              {Jurdzi{\'n}ski, Marcin and Lazi{\'c}, Ranko and
                         Schmitz, Sylvain},
  title =               {Fixed-Dimensional Energy Games are in
                         Pseudo-Polynomial Time},
  editor =              {Halld{\'o}rsson, Magn{\'u}s M. and Iwana, Kazuo and
                         Kobayashi, Naoki and Speckmann, Bettina},
  booktitle =           {{P}roceedings of the 42nd {I}nternational
                         {C}olloquium on {A}utomata, {L}anguages and
                         {P}rogramming ({ICALP}'15)~-- Part~{II}},
  acronym =             {{ICALP}'15},
  publisher =           {Springer-Verlag},
  series =              {Lecture Notes in Computer Science},
  volume =              {9135},
  pages =               {260-272},
  year =                {2015},
  month =               jul,
  doi =                 {10.1007/978-3-662-47666-6_21},
}


@inproceedings{qest2012-BLM,
  author =              {Bouyer, Patricia and Larsen, Kim Guldstrand and
                         Markey, Nicolas},
  title =               {Lower-Bound Constrained Runs in Weighted Timed
                         Automata},
  booktitle =           {{P}roceedings of the 9th {I}nternational
                         {C}onference on {Q}uantitative {E}valuation of
                         {S}ystems ({QEST}'12)},
  acronym =             {{QEST}'12},
  publisher =           {IEEE Comp. Soc. Press},
  pages =               {128-137},
  year =                {2012},
  month =               sep,
  doi =                 {10.1109/QEST.2012.28}
  }
  
  
  @inproceedings{DM18,
  author =              {Della{ }Monica, Dario and Murano, Aniello},
  title =               {Parity-energy {ATL} for Qualitative and Quantitative
                         Reasoning in~{MAS}},
  editor =              {Andr{\'e}, Elisabeth and Koenig, Sven and Dastani,
                         Mehdi and Sukthankar, Gita},
  booktitle =           {{P}roceedings of the 17th {I}nternational
                         {C}onference on {A}utonomous {A}gents and
                         {M}ultiagent {S}ystems ({AAMAS}'18)},
  acronym =             {{AAMAS}'18},
  publisher =           {International Foundation for Autonomous Agents and
                         Multiagent Systems},
  pages =               {1441-1449},
  year =                {2018}
}


@inproceedings{DDGRT10,
  author =              {Degorre, Aldric and Doyen, Laurent and Gentilini,
                         Raffaella and Raskin, Jean-Fran{\c c}ois and
                         Toru{\'n}czyk, Szymon},
  title =               {Energy and Mean-Payoff Games with Imperfect
                         Information},
  editor =              {Dawar, Anuj and Veith, Helmut},
  booktitle =           {{P}roceedings of the 24th {I}nternational {W}orkshop
                         on {C}omputer {S}cience {L}ogic ({CSL}'10)},
  acronym =             {{CSL}'10},
  publisher =           {Springer-Verlag},
  series =              {Lecture Notes in Computer Science},
  volume =              {6247},
  pages =               {260-274},
  year =                {2010},
  month =               aug,
}
